% Esto sigue las normas de bibtex, para mayor informacion de como citar diferentes tipos de arituclos o libros
% ver https://es.wikipedia.org/wiki/BibTeX y https://www.overleaf.com/learn/latex/Bibliography_management_with_bibtex

@article{einstein,
    author =       "Albert Einstein",
    title =        "{Zur Elektrodynamik bewegter K{\"o}rper}. ({German})
        [{On} the electrodynamics of moving bodies]",
    journal =      "Annalen der Physik",
    volume =       "322",
    number =       "10",
    pages =        "891--921",
    year =         "1905",
    DOI =          "http://dx.doi.org/10.1002/andp.19053221004"
}

@book{latexcompanion,
    author    = "Michel Goossens and Frank Mittelbach and Alexander Samarin",
    title     = "The \LaTeX\ Companion",
    year      = "1993",
    publisher = "Addison-Wesley",
    address   = "Reading, Massachusetts"
}

@misc{knuthwebsite,
    author    = "Donald Knuth",
    title     = "Knuth: Computers and Typesetting",
    url       = "http://www-cs-faculty.stanford.edu/\~{}uno/abcde.html"
}

@article{seriani_fernandez,
    author = "S. Seriani and R. Fernández",
    title = "Planning guidelines for metro–bus interchanges by means of a pedestrian microsimulation model. Transportation Planning and Technology",
    volume = "38",
    number = "5",
    pages = "569-583",
    year  = "2015"
}

@misc {RSSB,
    title = "Platform Train Interface Strategy",
    institution = "Rail Safety and Standards Board, London, UK",
    year = "2015"

}